@Misc{stark2009signal3,
  title = {Signal to Noise: Part 3 - Measuring your Camera},
  author = {Craig Stark},
  howpublished = {Cloudy Nights Column},
  year         = {2009},
  url = {https://www.cloudynights.com/articles/cat/column/fishing-for-photons/signal-to-noise-part-3-measuring-your-camera-r1929}
}

@Misc{stark2009signal2,
  title = {Signal to Noise: Understanding it, Measuring it, and Improving it | Part 2 - Understanding One Pixel},
  author = {Craig Stark},
  howpublished = {Cloudy Nights Column},
  year         = {2009},
  url = {https://www.cloudynights.com/articles/cat/column/fishing-for-photons/signal-to-noise-understanding-it-measuring-it-and-improving-it-part-2-understanding-one-pixel-r1902}
}